@STRING{CAD = {Computer Aided Design}}
@STRING{j-AT = {Journal of Approximation Theory}}
@STRING{j-CAGD = {Comput.\ Aided Geom.\ Des.}}
@STRING{j-CGF = {Comput.\ Graph.\ Forum}}
@STRING{j-SIAM-J-NUM-ANAL = {SIAM Journal on Numerical Analysis}}
@STRING{p-SCA = {Proc.\ SCA}}
@STRING{j-TOG = {ACM Trans.\ Graph.}}

@STRING{CAD = {Computer Aided Design}}
@STRING{j-AT = {Journal of Approximation Theory}}
@STRING{j-CAGD = {Comput.\ Aided Geom.\ Des.}}
@STRING{j-CGF = {Comput.\ Graph.\ Forum}}
@STRING{j-SIAM-J-NUM-ANAL = {SIAM Journal on Numerical Analysis}}
@STRING{p-SCA = {Proc.\ SCA}}
@STRING{j-TOG = {ACM Trans.\ Graph.}}

@book{do_carmo,
author={do Carmo, Manfredo P.},
title={Differential Geometry of Curves and Surfaces},
publisher={Prentice-Hall},
year=1976
}

@inproceedings{Sederberg1993,
  title={2-{D} shape blending: an intrinsic solution to the vertex path problem},
  author={Sederberg, Thomas W and Gao, Peisheng and Wang, Guojin and Mu, Hong},
  booktitle={Proc.\ ACM SIGGRAPH},
  pages={15--18},
  year={1993},
}

@book{spivak,
   title = "{A} Comprehensive introduction to differential geometry, 1",
   author = "Spivak, Michael",
   publisher = "Publish or Perish",
   address = "Houston, TX",
   url = "http://opac.inria.fr/record=b1117511",
   isbn = "0-914098-70-5",
   year = 1999
}

@book{DDG_Book,
   title = "Discrete differential geometry: integrable structure",
   author = "Bobenko, Alexander I. and Suris, Yuri B.",
   series = "Graduate studies in mathematics",
   volume = "98",
   publisher = "American Mathematical Society",
   address = "Providence (R.I.)",
   isbn = "978-0-8218-4700-8",
   year = 2008
}

@book{sauer,
  title={Differenzengeometrie},
  author={Sauer, Robert},
  year={1970},
  publisher={Springer}
}

@inproceedings{DDG_Desbrun,
  title={Discrete differential geometry: An applied introduction},
  author={Desbrun, M. and Grinspun, E. and Schr{\"o}der, P. and Wardetzky, M.},
  booktitle={SIGGRAPH Course Notes},
  volume={1},
  year={2005}
}

@article{wunderlich,
        author = "W. Wunderlich",
        title = "Zur {D}ifferenzengeometrie der {F}l{\"a}chen konstanter negativer {K}r{\"u}mmung",
        journal = "Sitzungsber. {\"O}sterr. Akad. Wiss.",
        year = 1951,
        volume = 160,
        pages = "39--77",
}

@Book{origami_book,
  AUTHOR        = {Erik D. Demaine and Joseph O'Rourke},
  TITLE         = {Geometric Folding Algorithms: Linkages, Origami, Polyhedra},
  PUBLISHER     = {Cambridge University Press},
  publisherurl  = {http://www.cambridge.org/},
  MONTH         = {July},
  YEAR          = 2007,

  length        = {496 pages},
  comments      = {See <A HREF="http://www.gfalop.org/">the book's webpage</A>.
                   &nbsp; <A HREF="http://www.gfalop.org/"><IMG ALIGN="MIDDLE" SRC="cover.jpg"></A>
                   &nbsp; <A HREF="http://www.jaist.ac.jp/~uehara/gfalop/">Now available in Japanese!</A> &nbsp; <IMG ALIGN="MIDDLE" SRC="cover_japanese_small.jpg">},
  availability  = {Available for purchase from <A HREF="http://www.cambridge.org/uk/catalogue/catalogue.asp?isbn=9780521857574">the publisher</A> or <A HREF="http://www.amazon.com/Geometric-Folding-Algorithms-Linkages-Polyhedra/dp/0521857570">Amazon</A>.},
  category      = {art},
}

@article{froh_botsch,
author = {Fr\"ohlich, Stefan and Botsch, Mario},
title = {Example-Driven Deformations Based on Discrete Shells},
journal = j-CGF,
volume = {30},
number = {8},
publisher = {Blackwell Publishing Ltd},
issn = {1467-8659},
pages = {2246--2257},
keywords = {mesh deformation, physics-based deformation, discrete shells, inverse kinematics, I.3.5 [Computer Graphics]: Computational Geometry and Object ModelingÃ‘Physically based modeling},
year = {2011},
}

@inproceedings{grin_shells,
 author = {Grinspun, Eitan and Hirani, Anil N. and Desbrun, Mathieu and Schr\"{o}der, Peter},
 title = {Discrete Shells},
 booktitle = {Proc.\ ACM SIGGRAPH/Eurographics Symposium on Computer Animation},
 year = {2003},
 isbn = {1-58113-659-5},
 location = {San Diego, California},
 pages = {62--67},
 url = {http://dl.acm.org/citation.cfm?id=846276.846284},
 acmid = {846284},
} 

@inproceedings{Schief2008,
author="Schief, Wolfgang K. and Bobenko, Alexander I. and Hoffmann, Tim",
title="On the Integrability of Infinitesimal and Finite Deformations of Polyhedral Surfaces",
bookTitle="Discrete Differential Geometry",
year="2008",
publisher="Birkh{\"a}user Basel",
address="Basel",
pages="67--93",
isbn="978-3-7643-8621-4",
doi="10.1007/978-3-7643-8621-4_4",
url="http://dx.doi.org/10.1007/978-3-7643-8621-4_4"
}

@Article{DevHistory,
author="Lawrence, Sne{\v{z}}ana",
title="Developable Surfaces: Their History and Application",
journal="Nexus Network Journal",
year="2011",
volume="13",
number="3",
pages="701--714",
abstract="Developable surfaces form a very small subset of all possible surfaces and were for centuries studied only in passing, but the discovery of differential calculus in the seventeenth century meant that their properties could be studied in greater depth. Here we show that the generating principles of developable surfaces were also at the core of their study by Monge. In a historical context, from the beginning of the study of developable surfaces, to the contributions Monge made to the field, it can be seen that the nature of developable surfaces is closely related to the spatial intuition and treatment of space as defined by Monge through his descriptive geometry, which played a major role in developing an international language of geometrical communication for architecture and engineering. The use of developable surfaces in the architecture of Frank Gehry is mentioned, in particular in relation to his fascination with `movement' and its role in architectural design.",
issn="1522-4600",
doi="10.1007/s00004-011-0087-z",
url="http://dx.doi.org/10.1007/s00004-011-0087-z"
}

@article{Frey1,
  title={Boundary triangulations approximating developable surfaces that interpolate a closed space curve},
  author={Frey, William H},
  journal={International Journal of Foundations of Computer Science},
  volume={13},
  number={02},
  pages={285--302},
  year={2002},
  publisher={World Scientific}
}

@article{Frey2,
  title={Modeling buckled developable surfaces by triangulation},
  author={Frey, William H},
  journal=CAD,
  volume={36},
  number={4},
  pages={299--313},
  year={2004},
  publisher={Elsevier}
}

@inproceedings{sheffer,
 author = {Rose, Kenneth and Sheffer, Alla and Wither, Jamie and Cani, Marie-Paule and Thibert, Boris},
 title = {Developable Surfaces from Arbitrary Sketched Boundaries},
 booktitle = {Proc.\ Symposium on Geometry Processing},
 year = {2007},
 isbn = {978-3-905673-46-3},
 pages = {163--172},
 url = {http://dl.acm.org/citation.cfm?id=1281991.1282014},
 acmid = {1282014},
} 

@article{conical,
 author = {Liu, Yang and Pottmann, Helmut and Wallner, Johannes and Yang, Yong-Liang and Wang, Wenping},
 title = {Geometric modeling with conical meshes and developable surfaces},
 journal = j-TOG,
 volume = {25},
 number = {3},
 year = {2006},
 issn = {0730-0301},
 acmid = {1141941},
 publisher = {ACM},
 address = {New York, NY, USA},
 keywords = {developable subdivision surface, developable surface, discrete differential geometry, nonlinear subdivision, offset mesh, principal mesh, quad mesh, surfaces in architecture},
}

@article{rect_dev,
  title={Geodesic-Controlled Developable Surfaces for Modeling Paper Bending},
  author={Bo, Pengbo and Wang, Wenping},
  journal=j-CGF,
  volume={26},
  number={3},
  pages={365--374},
  year={2007},
}

@article{conical_angle,
  title={An angle criterion for conical mesh vertices},
  author={Wang, Wenping and Wallner, Johannes and Liu, Yang},
  journal={Journal for Geometry and Graphics},
  volume={11},
  number={2},
  pages={199--208},
  year={2007}
}

@article{curved_folding_kilian,
 author = {Kilian, Martin and Fl\"{o}ry, Simon and Chen, Zhonggui and Mitra, Niloy J. and Sheffer, Alla and Pottmann, Helmut},
 title = {Curved folding},
 journal = j-TOG,
 volume = {27},
 number = {3},
 year = {2008},
 issn = {0730-0301},
 pages = {75:1--75:9},
  acmid = {1360674},
 publisher = {ACM},
 address = {New York, NY, USA},
 keywords = {architectural geometry, computational differential geometry, computational origami, curved fold, developable surface, digital reconstruction, folding, industrial design, isometry},
} 

@article{pottmann_new,
 author = {Tang, Chengcheng and Bo, Pengbo and Wallner, Johannes and Pottmann, Helmut},
 title = {Interactive design of developable surfaces},
 journal = j-TOG,
 volume = {35},
 number = {2},
 year = {2016},
 issn = {0730-0301},
 pages = {12:1--12:12},
 articleno = {12},
 numpages = {12},
 acmid = {2832906},
 publisher = {ACM},
 address = {New York, NY, USA},
 keywords = {Interactive design, computational differential geometry, constraint solving, curved folding, developable surface, digital reconstruction, isometric deformation, origami, spline surface},
}

@book{computational_line,
   title = "Computational line geometry",
   author = "Pottmann, Helmut and Wallner, Johannes",
   series = "Mathematics and visualization",
   publisher = "Springer",
   address = "Berlin, Heidelberg, New York",
   isbn = "3-540-42058-4",
   year = 2001
}

@article{pottmann_approx,
title = "Approximation algorithms for developable surfaces",
journal = j-CAGD,
volume = "16",
number = "6",
pages = "539 - 556",
year = "1999",
note = "",
issn = "0167-8396",
doi = "http://dx.doi.org/10.1016/S0167-8396(99)00012-6",
url = "http://www.sciencedirect.com/science/article/pii/S0167839699000126",
author = "Helmut Pottmann and Johannes Wallner",
keywords = "Computer aided geometric design",
keywords = "Surface approximation",
keywords = "Developable surface",
keywords = "Dual representation",
keywords = "NURBS"
}

@article{chen_approx,
title = "On Surface Approximation Using Developable Surfaces",
journal = "Graphical Models and Image Processing",
volume = "61",
number = "2",
pages = "110 - 124",
year = "1999",
note = "",
issn = "1077-3169",
doi = "http://dx.doi.org/10.1006/gmip.1999.0487",
url = "http://www.sciencedirect.com/science/article/pii/S1077316999904872",
author = "H.-Y. Chen and I.-K. Lee and S. Leopoldseder and H. Pottmann and T. Randrup and J. Wallner",

}

@article{bishop,
  title={There is more than one way to frame a curve},
  author={Bishop, Richard L},
  journal={The American Mathematical Monthly},
  volume={82},
  number={3},
  pages={246--251},
  year={1975},
  publisher={JSTOR}
}

@article{graustein,
  title={On the geodesics and geodesic circles on a developable surface},
  author={Graustein, William Caspar},
  journal={Annals of Mathematics},
  volume = {18},
  number = {3},
  pages={132--138},
  year={1917},
}

@article{huffman,
  added-at = {2015-12-22T00:00:00.000+0100},
  author = {Huffman, David A.},
  biburl = {http://www.bibsonomy.org/bibtex/2a36bd91c813e9928bada4c18866d6faf/dblp},
  ee = {http://doi.ieeecomputersociety.org/10.1109/TC.1976.1674542},
  interhash = {b7033be47d9a1b21cdcac5d68bce216a},
  intrahash = {a36bd91c813e9928bada4c18866d6faf},
  journal = {IEEE Trans.\ Computers},
  keywords = {dblp},
  number = 10,
  pages = {1010-1019},
  timestamp = {2015-12-24T11:54:55.000+0100},
  title = {Curvature and creases: a primer on paper},
  volume = 25,
  year = 1976
}

@article{huffman2,
  title={Cones, curves, shells, towers: He made paper jump to life},
  author={Wertheim, Margaret},
  journal={The New York Times},
  volume={2},
  number={4},
  pages={5},
  year={2004}
}

@article {curved_geo,
	author = {Duncan, J. P. and Duncan, J. L.},
	title = {Folded Developables},
	volume = {383},
	number = {1784},
	pages = {191--205},
	year = {1982},
	doi = {10.1098/rspa.1982.0126},
	publisher = {The Royal Society},
	abstract = {A plane, inextensible sheet may be folded or creased along a curved line to produce two connected but distinct developable surfaces. Various theorems applying to this folding process are identified and two special cases investigated. In one, the fold line remains a plane curve during deformation and in the other the dihedral angle at the fold is constant along the curve. Curved-line folding occurs naturally in the collapse of thin-sheet-metal structures composed of developable surfaces. The theorems presented identify the kinematic constraint existing between pairs of developable surfaces connected by curved-line folds and permit the design of sheet-metal products that use these surfaces. This expands considerably the range of engineering products that can be made by folding and bending a single inextensible sheet.},
	issn = {0080-4630},
	URL = {http://rspa.royalsocietypublishing.org/content/383/1784/191},
	eprint = {http://rspa.royalsocietypublishing.org/content/383/1784/191.full.pdf},
	journal = {Proceedings of the Royal Society of London A: Mathematical, Physical and Engineering Sciences}
}

@article{tachi_sim,
  title={Simulation of rigid origami},
  author={Tachi, Tomohiro},
  journal={Origami},
  volume={4},
  pages={175--187},
  year={2009}
}

@article {solomon,
journal = j-CGF,
title = {Flexible developable surfaces},
author = {Solomon, Justin and Vouga, Etienne and Wardetzky, Max and Grinspun, Eitan},
year = {2012},
volume = {31},
pages={1567--1576},
number = {5},
}

@article{Wang,
  added-at = {2016-01-29T00:00:00.000+0100},
  author = {Schreck, Camille and Rohmer, Damien and Hahmann, Stefanie and Cani, Marie-Paule and Jin, Shuo and Wang, Charlie C. L. and Bloch, Jean-Francis},
  biburl = {http://www.bibsonomy.org/bibtex/262450f9a7c5c0607457c4b0b6e422365/dblp},
  ee = {http://doi.acm.org/10.1145/2829948},
  interhash = {8d28162c39251455ad2d6bdae8e3e38d},
  intrahash = {62450f9a7c5c0607457c4b0b6e422365},
  journal = {ACM Trans. Graph.},
  keywords = {dblp},
  number = 1,
  pages = 10,
  timestamp = {2016-01-30T11:37:19.000+0100},
  title = {Nonsmooth Developable Geometry for Interactively Animating Paper Crumpling.},
  url = {http://dblp.uni-trier.de/db/journals/tog/tog35.html#SchreckRHCJWB15},
  volume = 35,
  year = 2015
}

@Article{SchreckEG2017,
  author  = {Camille Schreck and Damien Rohmer and Stefanie Hahmann},
  title   = {Interactive paper tearing},
  journal = {Computer Graphics Forum (Eurographics)},
  year    = {2017},
  volume  = {36},
  number  = {2},
  pages={95--106},
}

@inproceedings{shells,
  title={Discrete Shells Origami},
  author={Rob Burgoon and Zo{\"e} J. Wood and Eitan Grinspun},
  booktitle={Computers and Their Applications},
  year={2006}
}

@article{Narain,
  title = {Folding and Crumpling Adaptive Sheets},
  journal = j-TOG,
  author = {Rahul Narain and Tobias Pfaff and James F. O'Brien},
  number = 4,
  volume = 32,
  year = 2013,
}

@article{non_pleated,
  title={(Non) existence of pleated folds: how paper folds between creases},
  author={Demaine, Erik D and Demaine, Martin L and Hart, Vi and Price, Gregory N and Tachi, Tomohiro},
  journal={Graphs and Combinatorics},
  volume={27},
  number={3},
  pages={377--397},
  year={2011},
  publisher={Springer}
}

@inproceedings{arap,
author = {Olga Sorkine and Marc Alexa},
title = {As-rigid-as-possible surface modeling},
booktitle = {Proc.\ Symposium on Geometry Processing},
year = {2007},
pages = {109--116},
}

@article{lbfgs,
  title={Updating quasi-Newton matrices with limited storage},
  author={Nocedal, Jorge},
  journal={Mathematics of Computation},
  volume={35},
  number={151},
  pages={773--782},
  year={1980}
}

@phdthesis{gehry,
  title={Digital surface representation and the constructibility of Gehry's architecture},
  author={Shelden, Dennis Robert},
  year={2002},
  school={Massachusetts Institute of Technology}
}


@article{DDG_Keenan,
	author = {Crane, Keenan and Wardetzky, Max},
	year = {2017},
	month = {11},
	pages = {1153-1159},
	title = {A Glimpse into Discrete Differential Geometry},
	volume = {64},
	journal = {Notices of the American Mathematical Society}
}

@article{rabi18,
  title={Discrete Geodesic Nets for Modeling Developable Surfaces},
  author={Rabinovich, Michael and Hoffmann, Tim and Sorkine-Hornung, Olga},
  journal=j-TOG,
  volume={37},
  number={2},
  pages={16},
  year={2018},
  publisher={ACM}
}

@article{more_on_paper,
  title={More on paperfolding},
  author={Fuchs, Dmitry and Tabachnikov, Serge},
  journal={The American Mathematical Monthly},
  volume={106},
  number={1},
  pages={27--35},
  year={1999},
  publisher={JSTOR}
}
@inproceedings{Mitani_ref,
  title={Interactive design of planar curved folding by reflection},
  author={Mitani, J and Igarashi, T},
  booktitle = {Proc.\ Pacific Graphics, Short Papers},
  year={2011}
}
@inproceedings{flows_desbrun,
	title={Generalized surface flows for mesh processing},
	author={Eckstein, Ilya and Pons, J-P and Tong, Yiying and Kuo, C-CJ and Desbrun, Mathieu},
	booktitle={Proc.\ Symposium on Geometry Processing},
	pages={183--192},
	year={2007},
}

@book{nocedal,
  title={Sequential quadratic programming},
  author={Nocedal, Jorge and Wright, Stephen J},
  year={2006},
  publisher={Springer}
}

@article{cot_pink_polth,
  title={Computing discrete minimal surfaces and their conjugates},
  author={Pinkall, Ulrich and Polthier, Konrad},
  journal={Experimental Mathematics},
  volume={2},
  number={1},
  pages={15--36},
  year={1993},
  publisher={Taylor \& Francis}
}

@inproceedings{war_lunch,
  title={Discrete Laplace operators: no free lunch},
  author={Wardetzky, Max and Mathur, Saurabh and K{\"a}lberer, Felix and Grinspun, Eitan},
  booktitle={Proc.\ Symposium on Geometry Processing},
  pages={33--37},
  year={2007}
}

@article{alexa_laplacian,
  title={Discrete Laplacians on general polygonal meshes},
  author={Alexa, Marc and Wardetzky, Max},
  journal=j-TOG,
  volume={30},
  number={4},
  year={2011},
  publisher={ACM}
}

@phdthesis{war_thesis,
  title={Discrete differential operators on polyhedral surfaces -- convergence and approximation},
  author={Wardetzky, Max},
  year={2007},
  school={Freie Universit{\"a}t Berlin}
}

@inproceedings{desbrun_implicit,
  title={Implicit fairing of irregular meshes using diffusion and curvature flow},
  author={Desbrun, Mathieu and Meyer, Mark and Schr{\"o}der, Peter and Barr, Alan H},
  booktitle={Proc.\ ACM SIGGRAPH},
  pages={317--324},
  year={1999},
}
@article{stein_dev,
author = {Stein, Oded and Grinspun, Eitan and Crane, Keenan},
title = {Developability of triangle meshes},
journal = j-TOG,
volume = {37},
number = {4},
year = {2018},
publisher = {ACM},
address = {New York, NY, USA},
}

@article{shape_kilian,
  title={Geometric modeling in shape space},
  author={Kilian, Martin and Mitra, Niloy J and Pottmann, Helmut},
  journal=j-TOG,
  volume={26},
  number={3},
  year={2007},
}

@article{shape_const,
  title={Shape space exploration of constrained meshes},
  author={Yang, Yong-Liang and Yang, Yi-Jun and Pottmann, Helmut and Mitra, Niloy J},
  journal=j-TOG,
  volume={30},
  number={6},
  year={2011}
}

@article{shape_shells,
  title={Exploring the geometry of the space of shells},
  author={Heeren, Behrend and Rumpf, Martin and Schr{\"o}der, Peter and Wardetzky, Max and Wirth, Benedikt},
  journal=j-CGF,
  volume={33},
  number={5},
  pages={247--256},
  year={2014},
}

@ARTICLE{shape_splines,
  title={Splines in the space of shells},
  author={Heeren, Behrend and Rumpf, Martin and Schr{\"o}der, Peter and Wardetzky, Max and Wirth, Benedikt},
  journal=j-CGF,
  volume={35},
  number={5},
  pages={111--120},
  year={2016},
}

@article{SYM07,
  title={Sobolev active contours},
  author={Sundaramoorthi, Ganesh and Yezzi, Anthony and Mennucci, Andrea C},
  journal={International Journal of Computer Vision},
  volume={73},
  number={3},
  pages={345--366},
  year={2007},
  publisher={Springer}
}

@article{StringActuated:2017,
  title   = {String actuated curved folded surfaces},
  author  = {Martin Kilian and Aron Monszpart and Niloy J. Mitra},
  journal = j-TOG,
  volume = {36},
  number = {3},
  year = {2017},
  issn = {0730-0301},
  pages = {25:1--25:13},
  publisher = {ACM}
}

@article{crane_fairing,
  title={Robust fairing via conformal curvature flow},
  author={Crane, Keenan and Pinkall, Ulrich and Schr{\"o}der, Peter},
  journal=j-TOG,
  volume={32},
  number={4},
  year={2013},
  publisher={ACM}
}

@article{kazhdan_flow,
 author = {Kazhdan, Michael and Solomon, Jake and Ben-Chen, Mirela},
 title = {Can mean-curvature flow be modified to be non-singular?},
 journal = j-CGF,
 volume = {31},
 number = {5},
 year = {2012},
 issn = {0167-7055},
 pages = {1745--1754},
 acmid = {2346809},
 }

@article{milling,
  title={5-axis flank milling: A state-of-the-art review},
  author={Harik, Ramy F and Gong, Hu and Bernard, Alain},
  journal={Computer-Aided Design},
  volume={45},
  number={3},
  pages={796--808},
  year={2013},
  publisher={Elsevier}
}

@inproceedings{curved_review,
  title={Curved crease folding: a review on art, design and mathematics},
  author={Demaine, Erik D and Demaine, Martin L and Koschitz, Duks and Tachi, Tomohiro},
  booktitle={Proceedings of the IABSE-IASS Symposium: Taller, Longer, Lighter},
  pages={20--23},
  year={2011},
  }
  
  @article{hoffmann2009discrete,
  title={Discrete differential geometry of curves and surfaces},
  author={Hoffmann, Tim},
  journal={COE Lecture Notes},
  volume={18},
  year={2009},
  publisher={Kyushu University, Faculty of Mathematics Fukuoka}
}

@article{PARDISO1,
	author={D. Kourounis and A. Fuchs and O. Schenk},
	journal={IEEE Transactions on Power Systems},
	title={Towards the Next Generation of Multiperiod Optimal Power Flow Solvers},
	year={2018},
	volume={PP},
	number={99},
	pages={1-10},
	keywords={Artificial neural networks;Optimization;Planning;Multiperiod optimal power flow;interior point methods;power system planning},
	doi={10.1109/TPWRS.2017.2789187},
	url={https://doi.org/10.1109/TPWRS.2017.2789187},
	ISSN={0885-8950},
}

@article{PARDISO2,
	author = "Fabio Verbosio and Arne De Coninck and Drosos Kourounis and Olaf Schenk",
	title = "Enhancing the scalability of selected inversion factorization algorithms in genomic prediction",
	journal = "Journal of Computational Science",
	volume = "22",
	number = "Supplement C",
	pages = "99 - 108",
	year = "2017",
	issn = "1877-7503",
	url = "https://doi.org/10.1016/j.jocs.2017.08.013",
}

@article{PARDISO3,
       author = {De Coninck, Arne and De Baets, Bernard and Kourounis, Drosos and Verbosio, Fabio and Schenk, Olaf and Maenhout, Steven and Fostier, Jan},
        title = {Needles: Toward Large-Scale Genomic Prediction with Marker-by-Environment Interaction},
        volume = {203},
        number = {1},
        pages = {543--555},
        year = {2016},
        doi = {10.1534/genetics.115.179887},
        journal = {Genetics},
        issn = {0016-6731},
        url={http://dx.doi.org/10.1534/genetics.115.179887},
        eprint = {http://www.genetics.org/content/203/1/543.full.pdf},
}

@article{SUITE_SPARSE,
  title={Algorithm 915, SuiteSparseQR: Multifrontal multithreaded rank-revealing sparse QR factorization},
  author={Davis, Timothy A},
  journal={ACM Transactions on Mathematical Software (TOMS)},
  volume={38},
  number={1},
  pages={8},
  year={2011},
  publisher={ACM}
}

@manual{MOSEK,
author = "{MOSEK ApS}",
title = "The {MOSEK} optimization toolbox for {MATLAB} manual. Version 8.1.",
year = 2017,
url = "http://docs.mosek.com/8.1/toolbox/index.html"}

@article{shape_up,
  title={Shape-up: Shaping discrete geometry with projections},
  author={Bouaziz, Sofien and Deuss, Mario and Schwartzburg, Yuliy and Weise, Thibaut and Pauly, Mark},
  journal=j-CGF,
  volume={31},
  number={5},
  pages={1657--1667},
  year={2012},
}

@article{projective_dynamics,
  title={Projective dynamics: fusing constraint projections for fast simulation},
  author={Bouaziz, Sofien and Martin, Sebastian and Liu, Tiantian and Kavan, Ladislav and Pauly, Mark},
  journal=j-TOG,
  volume={33},
  number={4},
  year={2014},
  publisher={ACM}
}

@article{anderson_acceleration,
 author = {Peng, Yue and Deng, Bailin and Zhang, Juyong and Geng, Fanyu and Qin, Wenjie and Liu, Ligang},
 title = {Anderson Acceleration for Geometry Optimization and Physics Simulation},
 journal = {ACM Trans. Graph.},
 issue_date = {August 2018},
 volume = {37},
 number = {4},
 month = jul,
 year = {2018},
 issn = {0730-0301},
 pages = {42:1--42:14},
 articleno = {42},
 numpages = {14},
 url = {http://doi.acm.org/10.1145/3197517.3201290},
 doi = {10.1145/3197517.3201290},
 acmid = {3201290},
 publisher = {ACM},
 address = {New York, NY, USA},
 keywords = {fixed-point iterations, geometry processing, numerical optimization, parallel computing, projective dynamics},
}

@inproceedings{willmore_flow,
 author = {Bobenko, Alexander I. and Schr\"{o}der, Peter},
 title = {Discrete {W}illmore Flow},
 booktitle = {Proc.\ Symposium on Geometry Processing},
 year = {2005},
 isbn = {3-905673-24-X},
 url = {http://dl.acm.org/citation.cfm?id=1281920.1281937},
 acmid = {1281937},
 keywords = {Willmore energy, digital geometry processing, discrete differential geometry, geometric flow, variational surface modeling},
}

@phdthesis{josef_albers_thesis,
  title={" A New Unity!" The Art and Pedagogy of Josef Albers},
  author={Adler, Esther D},
  year={2004}
}

@article{resch1974portfolio,
  title={Portfolio of shaded computer images},
  author={Resch, RONALD D},
  journal={Proceedings of the IEEE},
  volume={62},
  number={4},
  pages={496--502},
  year={1974},
  publisher={IEEE}
}

@article{huffmann_reconstructing,
  title={Reconstructing David Huffman's legacy in curved-crease folding},
  author={Demaine, Erik D and Demaine, Martin L and Koschitz, Duks},
  journal={Origami},
  volume={5},
  pages={39--52},
  year={2011}
}

@article{mitani2009design,
  title={A design method for 3D origami based on rotational sweep},
  author={Mitani, Jun},
  journal={Computer-Aided Design and Applications},
  volume={6},
  number={1},
  pages={69--79},
  year={2009},
  publisher={Taylor \& Francis}
}

@inproceedings{rabi2018shape,
  title={The shape space of discrete orthogonal geodesic nets},
  author={Rabinovich, Michael and Hoffmann, Tim and Sorkine-Hornung, Olga},
  booktitle={SIGGRAPH Asia 2018 Technical Papers},
  pages={228},
  year={2018},
  organization={ACM}
}

@article{locking1,
  title={Fundamental considerations for the finite element analysis of shell structures},
  author={Chapelle, Dominique and Bathe, Klaus-J{\"u}rgen},
  journal={Computers \& Structures},
  volume={66},
  number={1},
  pages={19--36},
  year={1998},
  publisher={Elsevier}
}

@phdthesis{locking2,
  title={Membrane locking in discrete shell theories},
  author={Alessio, Quaglino},
  year={2012},
  school={Nieders{\"a}chsische Staats-und Universit{\"a}tsbibliothek G{\"o}ttingen}
}

@article{demaine_lens,
  title={Characterization of curved creases and rulings: Design and analysis of lens tessellations},
  author={Demaine, Erik D and Demaine, Martin L and Huffman, David A and Koschitz, Duks and Tachi, Tomohiro},
  journal={Origami},
  volume={6},
  pages={209--230},
  year={2015}
}

@article{duncan_folded,
  title={Folded developables},
  author={Duncan, James Playford and Duncan, JL},
  journal={Proc. R. Soc. Lond. A},
  volume={383},
  number={1784},
  pages={191--205},
  year={1982},
  publisher={The Royal Society}
}

@book{mathematical_omnibus,
  title={Mathematical omnibus: thirty lectures on classic mathematics},
  author={Fuchs, Dmitry and Tabachnikov, Serge},
  year={2007},
  publisher={Springer}
}

@book{ cgal
, title        = "{CGAL} User and Reference Manual"
, author      = "{The CGAL Project}"
, publisher     = "{CGAL Editorial Board}"
, edition     = "{4.14}"
, year         = 2019
, url =    "https://doc.cgal.org/4.14/Manual/packages.html"
}

@incollection{cgal_arr1,
  author = {Ron Wein and Eric Berberich and Efi Fogel and Dan Halperin and Michael Hemmer and Oren Salzman and Baruch Zukerman},
  title = {{2D} Arrangements},
  publisher = {{CGAL Editorial Board}},
  edition = {{4.14}},
  booktitle = {{CGAL} User and Reference Manual},
  url = {https://doc.cgal.org/4.14/Manual/packages.html#PkgArrangementOnSurface2},
  year = 2019
}
@incollection{cgal_arr2,
  author = {Baruch Zukerman and Ron Wein and Efi Fogel},
  title = {{2D} Intersection of Curves},
  publisher = {{CGAL Editorial Board}},
  edition = {{4.14}},
  booktitle = {{CGAL} User and Reference Manual},
  url = {https://doc.cgal.org/4.14/Manual/packages.html#PkgSurfaceSweep2},
  year = 2019
}

@book{arrangements,
  title={Arrangements and spreads},
  author={Gr{\"u}nbaum, Branko},
  year={1972},
  publisher={American Mathematical Society}
}

@article{autocuts,
	author = {Roi Poranne and Marco Tarini and Sandro Huber and Daniele Panozzo and Olga Sorkine-Hornung},
	title = {Autocuts: Simultaneous Distortion and Cut Optimization for UV Mapping},
	journal = {ACM Transactions on Graphics (proceedings of ACM SIGGRAPH ASIA)},
	year = {2017},
	volume = {36},
	number = {6},
}

@article{l0_approximation,
	title={Variable selection and estimation in generalized linear models with the seamless $\backslash$itL\_$\backslash$rm0 penalty},
	author={Li, Zilin and Wang, Sijian and Lin, Xihong},
	journal={Canadian Journal of Statistics},
	volume={40},
	number={4},
	pages={745--769},
	year={2012},
	publisher={Wiley Online Library}
}

@inproceedings{quadratic_bending,
	title={A quadratic bending model for inextensible surfaces},
	author={Bergou, Miklos and Wardetzky, Max and Harmon, David and Zorin, Denis and Grinspun, Eitan},
	booktitle={Symposium on Geometry Processing},
	pages={227--230},
	year={2006}
}

@article{arch_geom,
	title={Architectural geometry},
	author={Pottmann, Helmut and Eigensatz, Michael and Vaxman, Amir and Wallner, Johannes},
	journal={Computers \& graphics},
	volume={47},
	pages={145--164},
	year={2015},
	publisher={Elsevier}
}

@inproceedings{tachi2013composite,
	title={Composite rigid-foldable curved origami structure},
	author={Tachi, Tomohiro},
	booktitle={1st International Conference on Transformable Architecture (Transformables 2013), Seville, Spain, Sept},
	pages={18--20},
	year={2013}
}
@inproceedings{tachi2011one,
	title={One-DOF rigid foldable structures from space curves},
	author={Tachi, Tomohiro},
	booktitle={Proceedings of the IABSE-IASS Symposium},
	pages={20--23},
	year={2011}
}

@inproceedings{buri2011curved,
	title={Curved Folded Plate Timber Structures},
	author={Buri, Hans Ulrich and Stotz, Ivo and Weinand, Yves},
	booktitle={IABSE-IASS 2011 London Symposium},
	number={CONF},
	year={2011},
	organization={IABSE-IASS}
}

@book{robofold,
	title={Made by robots: challenging architecture at a larger scale},
	author={Gramazio, Fabio and Kohler, Matthias},
	year={2014},
	publisher={John Wiley \& Sons}
}

@article{goldenthal2007efficient,
	title={Efficient simulation of inextensible cloth},
	author={Goldenthal, Rony and Harmon, David and Fattal, Raanan and Bercovier, Michel and Grinspun, Eitan},
	journal={ACM Trans. Graph.},
	volume={26},
	number={3},
	pages={49},
	year={2007}
}

@article{narain2012adaptive,
	title={Adaptive anisotropic remeshing for cloth simulation},
	author={Narain, Rahul and Samii, Armin and O'Brien, James F},
	journal={ACM transactions on graphics (TOG)},
	volume={31},
	number={6},
	pages={152},
	year={2012},
	publisher={ACM}
}

@misc{demaine2018conic,
	title={Conic Crease Patterns with Reflecting Rule Lines},
	author={Demaine, Erik D and Demaine, Martin L and Huffman, David A and Koschitz, Duks and Tachi, Tomohiro},
	howpublished={arXiv preprint arXiv:1812.01167},
	year={2018}
}
@article{mitani2012column,
	title={Column-shaped origami design based on mirror reflections},
	author={Mitani, Jun},
	journal={Journal for Geometry and Graphics},
	volume={16},
	number={2},
	pages={185--194},
	year={2012}
}

@inproceedings{botsch2006primo,
	title={PriMo: coupled prisms for intuitive surface modeling},
	author={Botsch, Mario and Pauly, Mark and Gross, Markus H and Kobbelt, Leif},
	booktitle={Symposium on Geometry Processing},
	number={CONF},
	pages={11--20},
	year={2006}
}

@article{bo2019multi,
	title={Multi-strip smooth developable surfaces from sparse design curves},
	author={Bo, Pengbo and Zheng, Yujian and Jia, Xiaohong and Zhang, Caiming},
	journal={Computer-Aided Design},
	year={2019},
	volume = "114",
	publisher={Elsevier}
}

@article{mundilova2019mathematical,
	title={On mathematical folding of curved crease origami: Sliding developables and parametrizations of folds into cylinders and cones},
	author={Mundilova, Klara},
	journal={Computer-Aided Design},
	year={2019},
	note={accepted for publication},
	publisher={Elsevier}
}

@article{tachi2010freeform,
	title={Freeform variations of origami},
	author={Tachi, Tomohiro},
	journal={J. Geom. Graph},
	volume={14},
	number={2},
	pages={203--215},
	year={2010}
}