@article{Rabinovich:DogNets:2018,
author = {Michael Rabinovich and Tim Hoffmann and Olga Sorkine-Hornung},
title = {Discrete Geodesic Nets for Modeling Developable Surfaces},
journal = {ACM Transactions on Graphics},
volume = {37},
number = {2},
year = {2018},
}

@article{Rabinovich:DogShapeSpace:2018,
author = {Michael Rabinovich and Tim Hoffmann and Olga Sorkine-Hornung},
title = {The Shape Space of Discrete Orthogonal Geodesic Nets},
journal = {ACM Transactions on Graphics (proceedings of ACM SIGGRAPH ASIA)},
volume = {37},
number = {6},
year = {2018},
}

@article{Rabinovich:CurvedFolds:2019,
author = {Michael Rabinovich and Tim Hoffmann and Olga Sorkine{-}Hornung},
title = {Modeling Curved Folding with Freeform Deformations},
journal = {ACM Transactions on Graphics (proceedings of ACM SIGGRAPH ASIA)},
volume = {38},
number = {6},
year = {2019},
}

@article{pardiso-6.0a,
        author = {De Coninck, Arne and De Baets, Bernard and Kourounis, Drosos and Verbosio, Fabio and Schenk, Olaf and Maenhout, Steven and Fostier, Jan},
        title = {Needles: Toward Large-Scale Genomic Prediction with Marker-by-Environment Interaction},
        volume = {203},
        number = {1},
        pages = {543--555},
        year = {2016},
        doi = {10.1534/genetics.115.179887},
        publisher = {Genetics},
        issn = {0016-6731},
        url={http://dx.doi.org/10.1534/genetics.115.179887},
        eprint = {http://www.genetics.org/content/203/1/543.full.pdf},
}

@article{pardiso-6.0b,
	author = "Fabio Verbosio and Arne De Coninck and Drosos Kourounis and Olaf Schenk",
	title = "Enhancing the scalability of selected inversion factorization algorithms in genomic prediction",
	journal = "Journal of Computational Science",
	volume = "22",
	number = "Supplement C",
	pages = "99 - 108",
	year = "2017",
	issn = "1877-7503",
	url = "https://doi.org/10.1016/j.jocs.2017.08.013",
}

@ARTICLE{pardiso-6.0c,
	author={D. Kourounis and A. Fuchs and O. Schenk},
	journal={IEEE Transactions on Power Systems},
	title={Towards the Next Generation of Multiperiod Optimal Power Flow Solvers},
	year={2018},
	volume={PP},
	number={99},
	pages={1-10},
	keywords={Artificial neural networks;Optimization;Planning;Multiperiod optimal power flow;interior point methods;power system planning},
	doi={10.1109/TPWRS.2017.2789187},
	url={https://doi.org/10.1109/TPWRS.2017.2789187},
	ISSN={0885-8950},
	month={},
}

@article{Peng_2018,
   title={Anderson acceleration for geometry optimization and physics simulation},
   volume={37},
   ISSN={0730-0301},
   url={http://dx.doi.org/10.1145/3197517.3201290},
   DOI={10.1145/3197517.3201290},
   number={4},
   journal={ACM Transactions on Graphics},
   publisher={Association for Computing Machinery (ACM)},
   author={Peng, Yue and Deng, Bailin and Zhang, Juyong and Geng, Fanyu and Qin, Wenjie and Liu, Ligang},
   year={2018},
   month={Jul},
   pages={1-14}
}

@article{Deng2017ParallelMA,
  title={Parallel Multi-Block ADMM with o(1 / k) Convergence},
  author={Wei Deng and Ming-Jun Lai and Zhimin Peng and Wotao Yin},
  journal={Journal of Scientific Computing},
  year={2017},
  volume={71},
  pages={712-736}
}

@article{Zhang_2019,
   title={Accelerating ADMM for efficient simulation and optimization},
   volume={38},
   ISSN={1557-7368},
   url={http://dx.doi.org/10.1145/3355089.3356491},
   DOI={10.1145/3355089.3356491},
   number={6},
   journal={ACM Transactions on Graphics (TOG)},
   publisher={Association for Computing Machinery (ACM)},
   author={Zhang, Juyong and Peng, Yue and Ouyang, Wenqing and Deng, Bailin},
   year={2019},
   month={Nov},
   pages={1-21}
}

@inbook{DDM_book,
  title = "Domain decomposition methods - algorithms and theory",
  author = "Olof Widlund and Andrea Toselli",
  year = "2004",
  month = "10",
  language = "English (US)",
  volume = "34",
  booktitle = "Computational mathematics",
  publisher = "Springer",
}

@article{bo_et_al,
  author = {Bo, Pengbo and Wang, Wenping},
  year = {2007},
  month = {09},
  pages = {365-374},
  title = {Geodesic-Controlled Developable Surfaces for Modeling Paper Bending},
  volume = {26},
  journal = {Comput. Graph. Forum},
  doi = {10.1111/j.1467-8659.2007.01059.x}
}


@article{liu_et_al,
  title = "Geometric Modeling with Conical Meshes and Developable Surfaces",
  keywords = "developable subdivision surface, developable surface, discrete differential geometry, nonlinear subdivision, offset mesh, principal mesh, quad mesh, surfaces in architecture",
  author = "Yang Liu and Helmut Pottmann and Johannes Wallner and Yongliang Yang and Wenping Wang",
  year = "2006",
  month = "7",
  day = "1",
  doi = "10.1145/1141911.1141941",
  language = "English",
  volume = "25",
  pages = "681--689",
  journal = "ACM Transactions on Graphics",
  issn = "0730-0301",
  publisher = "Association for Computing Machinery",
  number = "3",
}

@article{tang_et_al,
  author = {Tang, Chengcheng and Bo, Pengbo and Wallner, Johannes and Pottmann, Helmut},
  title = {Interactive Design of Developable Surfaces},
  year = {2016},
  issue_date = {May 2016},
  publisher = {Association for Computing Machinery},
  address = {New York, NY, USA},
  volume = {35},
  number = {2},
  issn = {0730-0301},
  url = {https://doi.org/10.1145/2832906},
  doi = {10.1145/2832906},
  journal = {ACM Trans. Graph.},
  month = jan,
  articleno = {Article 12},
  numpages = {12},
  keywords = {Interactive design, origami, spline surface, isometric deformation, constraint solving, curved folding, digital reconstruction, developable surface, computational differential geometry}
}

@article{unused_paper,
author = {Li, Minchen and Gao, Ming and Langlois, Timothy and Jiang, Chenfanfu and Kaufman, Danny M.},
title = {Decomposed Optimization Time Integrator for Large-Step Elastodynamics},
year = {2019},
issue_date = {July 2019},
publisher = {Association for Computing Machinery},
address = {New York, NY, USA},
volume = {38},
number = {4},
issn = {0730-0301},
url = {https://doi.org/10.1145/3306346.3322951},
doi = {10.1145/3306346.3322951},
journal = {ACM Trans. Graph.},
month = jul,
articleno = {Article 70},
numpages = {10},
keywords = {domain decomposition, computational optimization}
}

@article{kilian-2008-cf,
	author = "M. Kilian and S. Fl{\"o}ry and N. J. Mitra and H. Pottmann",
	title = "Curved Folding",
	journal = "ACM Trans. Graphics",
	volume = "27",
	number = "3",
	note = "Proc.\ SIGGRAPH",
	year = "2008",
}

@article{HWANG2015230,
title = "Constructing developable surfaces by wrapping cones and cylinders",
journal = "Computer-Aided Design",
volume = "58",
pages = "230 - 235",
year = "2015",
note = "Solid and Physical Modeling 2014",
issn = "0010-4485",
doi = "https://doi.org/10.1016/j.cad.2014.08.025",
url = "http://www.sciencedirect.com/science/article/pii/S0010448514001948",
author = "Hae-Do Hwang and Seung-Hyun Yoon",
keywords = "Developable surface, Cone, Cylinder, Direct manipulation, Paper bending"
}

@article{Stein:2018:DSF,
author = {Stein, Oded and Grinspun, Eitan and Crane, Keenan},
title = {Developability of Triangle Meshes},
journal = {ACM Trans. Graph.},
volume = {37},
number = {4},
year = {2018},
publisher = {ACM},
address = {New York, NY, USA},
}

@article{kazhdan_multigrid,
author = {Kazhdan, Misha and Hoppe, Hugues},
year = {2018},
month = {05},
pages = {},
title = {An Adaptive Multi-Grid Solver for Applications in Computer Graphics: An Adaptive Multi-Grid Solver},
volume = {38},
journal = {Computer Graphics Forum},
doi = {10.1111/cgf.13449}
}
  




